
@misc{strickland_j._how_2010,
	type = {Article},
	title = {How does the {Internet} work?},
	copyright = {HowStuffWorks, a division of InfoSpace LLC},
	shorttitle = {Internet},
	url = {http://computer.howstuffworks.com/internet/basics/internet.htm},
	abstract = {Even though the Internet is still a young technology, it's hard to imagine life without it now. Every year, engineers create more devices to integrate with the Internet. This network of networks crisscrosses the globe and even extends into space. But what makes it work?},
	language = {English},
	journal = {How does the Internet work?},
	author = {{STRICKLAND, J.}},
	year = {2010},
	keywords = {HowStuffWorks, Internet}
}

@phdthesis{marques_i.g._afora_2009,
	address = {Coimbra, Portugal},
	type = {Tese de {Mestrado}},
	title = {Anáfora associativa - propostas de abordagem em contexto escolar},
	shorttitle = {Anáfora {Associativa}},
	url = {http://www.uc.pt/uid/celga/recursosonline/dissertacoes/dissertacoesdemestrado/isildagasparmarques},
	abstract = {O estudo que realizámos teve por base a perspectiva teórica que define uma
expressão anafórica como uma expressão cuja interpretação dependente
necessariamente de uma outra expressão (ou outras expressões) inserida(s) no contexto
verbal antecedente (endofórico).
Ao privilegiarmos o processo de compreensão da anáfora associativa,
considerámos a existência de dois grandes grupos no domínio das anáforas indirectas: o
grupo das anáforas associativas e o grupo das anáforas não associativas. Relativamente
à polémica em torno da anáfora associativa enquanto fenómeno formal e/ou semântico e
enquanto fenómeno discursivo-conceptual, analisámos as diferentes concepções
relativamente à natureza e características da relação anafórica associativa,
nomeadamente o uso restrito (ou não) de certos determinantes no termo anafórico; a
existência (ou não) de relações preestabelecidas armazenadas no léxico; a maior ou
menor influência dos processos cognitivos na resolução da anáfora e a omnipotência (ou
não) do texto na sua resolução.
Assim, embora consideremos que as configurações associativas assentam
numa relação semântica, cremos que postular a exclusividade do conjunto de
instruções de natureza léxico-semântica para explicar as relações anafóricas
associativas é demasiado redutor. A perspectiva que defendemos é a de que a
resolução do processo anafórico associativo se baseia num cálculo de
natureza inferencial que envolve primordialmente factores léxico-semânticos, mas
também factores textuais e conceptuais.},
	language = {Português},
	school = {Faculdade de Letras da Universidade de Coimbra},
	author = {{MARQUES, I.G.}},
	year = {2009},
	keywords = {Anáfora, Coimbra, Letras, Mestrado, Teses}
}